<record><leader>00000cas a22000007a 4500</leader><controlfield tag="001">12922280</controlfield><controlfield tag="008">851216d18771885wiuwr ne      0    0eng d</controlfield><datafield ind1=" " ind2=" " tag="010"><subfield code="a">sn 85041593 </subfield></datafield><datafield ind1=" " ind2=" " tag="040"><subfield code="a">NPV</subfield><subfield code="b">eng</subfield><subfield code="c">NPV</subfield><subfield code="d">OCLCQ</subfield></datafield><datafield ind1=" " ind2=" " tag="042"><subfield code="a">msc</subfield></datafield><datafield ind1="0" ind2=" " tag="130"><subfield code="a">Oshkosh northwestern (Oshkosh, Wis. : 1877 : Weekly)</subfield></datafield><datafield ind1="1" ind2="0" tag="245"><subfield code="a">Oshkosh northwestern.</subfield></datafield><datafield ind1="1" ind2="3" tag="246"><subfield code="a">Northwestern</subfield></datafield><datafield ind1="1" ind2="7" tag="246"><subfield code="a">Oshkosh weekly northwestern</subfield></datafield><datafield ind1="1" ind2="7" tag="246"><subfield code="a">Weekly northwestern</subfield></datafield><datafield ind1="1" ind2="3" tag="246"><subfield code="a">Northwestern and Oshkosh journal</subfield></datafield><datafield ind1=" " ind2=" " tag="260"><subfield code="a">Oshkosh, Wis. :</subfield><subfield code="b">Allen &amp; Hicks,</subfield><subfield code="c">1877-1885.</subfield></datafield><datafield ind1=" " ind2=" " tag="300"><subfield code="a">v.</subfield></datafield><datafield ind1=" " ind2=" " tag="310"><subfield code="a">Weekly</subfield></datafield><datafield ind1="0" ind2=" " tag="362"><subfield code="a">Vol. 17, no. 48 (June 7, 1877)-v. 18, no. 52 (June 26, 1884) = whole no. 890-no. 1257; twenty fourth year, whole no. 1258 (July 3, 1884)-twenty fourth year, whole no. 1302 (May 7, 1885).</subfield></datafield><datafield ind1=" " ind2=" " tag="500"><subfield code="a">Publisher varies.</subfield></datafield><datafield ind1=" " ind2=" " tag="500"><subfield code="a">Issued also in a daily edition.</subfield></datafield><datafield ind1=" " ind2=" " tag="525"><subfield code="a">Supplements accompany some issues.</subfield></datafield><datafield ind1=" " ind2=" " tag="752"><subfield code="a">United States</subfield><subfield code="b">Wisconsin</subfield><subfield code="c">Winnebago</subfield><subfield code="d">Oshkosh.</subfield></datafield><datafield ind1="0" ind2="0" tag="780"><subfield code="t">Northwestern (Oshkosh, Wis. : 1874)</subfield><subfield code="w">(DLC)sn 85041592</subfield></datafield><datafield ind1="0" ind2="0" tag="785"><subfield code="t">Weekly northwestern</subfield><subfield code="w">(DLC)sn 85041594</subfield></datafield></record>